<?xml version="1.0" encoding="UTF-8"?><record xmlns="http://www.loc.gov/MARC21/slim" xmlns:cinclude="http://apache.org/cocoon/include/1.0" xmlns:zs="http://www.loc.gov/zing/srw/">
  <leader>00430nz  a2200145n  4500</leader>
  <controlfield tag="001">no2005075845</controlfield>
  <controlfield tag="003">DLC</controlfield>
  <controlfield tag="005">20050817051901.0</controlfield>
  <controlfield tag="008">050816n| acannaabn          |n aaa     c</controlfield>
  <datafield tag="010" ind1=" " ind2=" ">
    <subfield code="a">no2005075845</subfield>
  </datafield>
  <datafield tag="035" ind1=" " ind2=" ">
    <subfield code="a">(OCoLC)oca06708527</subfield>
  </datafield>
  <datafield tag="040" ind1=" " ind2=" ">
    <subfield code="a">TxU-Mu</subfield>
    <subfield code="b">eng</subfield>
    <subfield code="c">TxU-Mu</subfield>
  </datafield>
  <datafield tag="100" ind1="1" ind2=" ">
    <subfield code="a">Toppo, Marshall</subfield>
  </datafield>
  <datafield tag="670" ind1=" " ind2=" ">
    <subfield code="a">Roth, K. Voyages [SR] p1986:</subfield>
    <subfield code="b">container (Marshall Toppo, guitar &amp; bass)</subfield>
  </datafield>
  <datafield tag="670" ind1=" " ind2=" ">
    <subfield code="a">OCLC, Aug. 16, 2005</subfield>
    <subfield code="b">(hdg.: Toppo, Marshall)</subfield>
  </datafield>
</record>